<?xml version="1.0" encoding="UTF-8"?><collection xmlns="http://www.loc.gov/MARC21/slim"><record><leader>00485nam--2200157-i-4500</leader><controlfield tag="001">000008233</controlfield><controlfield tag="002">20161230</controlfield><controlfield tag="005">20170210000720</controlfield><controlfield tag="008">060222s1000------------r-----000-0-eng-d</controlfield><datafield ind1=" " ind2=" " tag="100"><subfield code="a">Bosch, H. E</subfield></datafield><datafield ind1=" " ind2=" " tag="245"><subfield code="a">Phenomenological analysis of rotational states in deformed even-even nuclei</subfield></datafield><datafield ind1=" " ind2=" " tag="260"><subfield code="a">Buenos Aires</subfield><subfield code="b">Instituto De Investigacion Aeron Autica Y Espacial</subfield><subfield code="c">1966</subfield></datafield><datafield ind1=" " ind2=" " tag="300"><subfield code="a">6 p</subfield></datafield><datafield ind1=" " ind2=" " tag="490"><subfield code="a">Serie Comunicaciones Lr 14</subfield></datafield><datafield ind1=" " ind2=" " tag="700"><subfield code="a">Heras, C. A</subfield></datafield><datafield ind1=" " ind2=" " tag="CAT"><subfield code="a">SYS</subfield><subfield code="c">20170210</subfield><subfield code="h">000720</subfield></datafield></record></collection>